{"products":[{"name":"Kotimaista Uunilenkki 400 g","price":"2,47 €/kg","unitPrice":"0,99 €"},{"name":"Xtra kuoreton nakki 900 g","price":"2,72 €/kg","unitPrice":"2,45 €"},{"name":"Kotimaista kanan koipireisi marinoitu n. 1,1 kg","price":"2,95 €/kg","unitPrice":"~3,25 €"},{"name":"HK Popsi® Iso Viitonen 900 g","price":"3,21 €/kg","unitPrice":"2,89 €"},{"name":"Pouttu Lauantai 700g. Tanko","price":"3,70 €/kg","unitPrice":"2,59 €"},{"name":"Kotimaista Kuorellinen nakki 400g","price":"3,72 €/kg","unitPrice":"1,49 €"},{"name":"Kotimaista maksamakkara 200 g","price":"3,75 €/kg","unitPrice":"0,75 €"},{"name":"Kariniemen Kananpojan koipipala marinoitu n. 1,5 kg","price":"3,99 €/kg","unitPrice":"~5,99 €"},{"name":"Kariniemen Kananpojan koipireisi marinoitu n. 1,2 kg","price":"3,99 €/kg","unitPrice":"~4,79 €"},{"name":"Kotimaista tuliset kanan siipipalat Hot wings 600 g","price":"4,22 €/kg","unitPrice":"2,53 €"},{"name":"Kotimaista kanaboxi marinoitu n. 1,9 kg","price":"4,39 €/kg","unitPrice":"~8,34 €"},{"name":"Poprilli® Grillimakkara 400 g","price":"4,63 €/kg","unitPrice":"1,85 €"},{"name":"Kotimaista kuoreton nakki 300g","price":"4,63 €/kg","unitPrice":"1,39 €"},{"name":"Atria Kanan Hornet Tulisesti Marinoitu Siipi 900g","price":"4,77 €/kg","unitPrice":"4,29 €"},{"name":"Atria Kanan Hornet Hunaja Siipi 900g","price":"4,77 €/kg","unitPrice":"4,29 €"},{"name":"Atria Kanan Hornet Hot Chili Siipi 900g","price":"4,77 €/kg","unitPrice":"4,29 €"},{"name":"Atria Kanan Hornet Habanero Chilisiipi 900g","price":"4,77 €/kg","unitPrice":"4,29 €"},{"name":"Kotimaista Grillimakkara 400 g","price":"4,97 €/kg","unitPrice":"1,99 €"},{"name":"Atria Wilhelm Perinteinen 400g","price":"4,97 €/kg","unitPrice":"1,99 €"},{"name":"HK Uunilenkki 400 g","price":"4,97 €/kg","unitPrice":"1,99 €"},{"name":"Jyväbroiler Yrtti-Pippurimaustettu Kokonainen Broileri n1,4kg","price":"4,99 €/kg","unitPrice":"~4,99 €"},{"name":"Kotimaista Lauantaimakkara 250 g","price":"5,08 €/kg","unitPrice":"1,27 €"},{"name":"HK Sininen Lenkki® 580 g","price":"5,16 €/kg","unitPrice":"2,99 €"},{"name":"HK Herkkumaksamakkara 500 g","price":"5,18 €/kg","unitPrice":"2,59 €"}]}